This file was created with JabRef 1.8.1.
Encoding: Cp1252

@INPROCEEDINGS{blower:2005,
  author = {J.D. Blower and K. Haines and E.W. Llewellin},
  title = {Data streaming, workflow and firewall-friendly {G}rid {S}ervices
	with {S}tyx},
  booktitle = {Proceedings of the UK e-Science Meeting},
  year = {2005},
  editor = {S.J. Cox and D.W. Walker},
  note = {ISBN 1-904425-53-4},
  owner = {jdb},
}

@INPROCEEDINGS{blower:2004,
  author = {J.D. Blower and K. Haines and A.D. Santokhee},
  title = {{C}omposing workflows in the environmental sciences using {I}nferno},
  booktitle = {Proceedings of the UK e-Science Meeting},
  year = {2004},
  editor = {S.J. Cox},
  note = {ISBN 1-904425-21-6},
  owner = {jdb},
}

@MISC{JStyx,
  author = {Jon Blower},
  title = {The {JS}tyx library},
  howpublished = {Online, http://jstyx.sf.net},
  year = {2005},
  owner = {Jon},
}

@INPROCEEDINGS{Brooke:2004,
  author = {J.M. Brooke and J.Marsh and S. Pettifer and L. Sastry},
  title = {The importance of locality in the visualization of large data sets},
  booktitle = {{UK} e{S}cience {A}ll {H}ands {M}eeting, {N}ottingham {U}niversity},
  year = {2004},
  owner = {jdb},
}

@MISC{chin:2004,
  author = {Jonathan Chin and Peter V. Coveney},
  title = {Towards tractable toolkits for the {G}rid: a plea for lightweight,
	usable middleware},
  howpublished = {UK e-Science Technical Report UKeS-2004-01, http://www.nesc.ac.uk/technical\_papers/UKeS-2004-01.pdf},
  month = {February},
  year = {2004},
  owner = {jdb},
  timestamp = {2005.12.15},
}

@MISC{Inferno,
  author = {Sean Dorward and Rob Pike and David Leo Presotto and Dennis M. Ritchie
	and Howard Trickey and Phil Winterbottom},
  title = {The {I}nferno {O}perating {S}ystem},
  howpublished = {Online: http://www.vitanuova.com/inferno/papers/bltj.html},
  year = {1997},
  owner = {jdb},
}

@INPROCEEDINGS{Haines:2003,
  author = {Keith Haines and John Brooke and Peter Challenor and Anthony Goddard
	and Peter Killworth and Lakshmi Sastry},
  title = {{G}rid for {O}cean {D}iagnostics, {I}nteractive {V}isualisation and
	{A}nalysis ({GODIVA})},
  booktitle = {{UK} e{S}cience {A}ll {H}ands {M}eeting, {N}ottingham {U}niversity},
  year = {2003},
}

@INPROCEEDINGS{wspeer,
  author = {Andrew Harrison and Ian Taylor},
  title = {{WSP}eer - {A}n Interface to {W}eb {S}ervice Hosting and Invocation},
  booktitle = {{HIPS}-{HPGC} {J}oint {W}orkshop on {H}igh-{P}erformance {G}rid {C}omputing
	and {H}igh-{L}evel {P}arallel {P}rogramming {M}odels},
  year = {2005},
  owner = {jdb},
}

@MISC{InfernoGrid,
  author = {Vita Nuova Holdings Ltd.},
  title = {{T}he {I}nferno {G}rid},
  howpublished = {Online, http://www.vitanuova.com/solutions/grid/index.html},
  owner = {Jon},
}

@MISC{Plan9,
  author = {Rob Pike and Dave Presotto and Sean Dorward and Bob Flandrena and
	Ken Thompson and Howard Trickey and Phil Winterbottom},
  title = {Plan 9 from {B}ell {L}abs},
  howpublished = {Online, http://www.cs.bell-labs.com/sys/doc/9.html},
  year = {1995},
  owner = {Jon},
}

@MISC{Pike:1999,
  author = {Rob Pike and Dennis M Ritchie},
  title = {The {S}tyx Architecture for Distributed Systems},
  howpublished = {Online, http://www.vitanuova.com/inferno/papers/styx.html},
  year = {1999},
  owner = {Jon},
}

@INPROCEEDINGS{Sastry:2003,
  author = {Sastry, Lakshmi and Craig, Martin},
  title = {Scalable application visualisation services toolkit for problem solving
	environments},
  booktitle = {{UK} e{S}cience {A}ll {H}ands {M}eeting, {N}ottingham {U}niversity},
  year = {2003},
  key = {GADS, visualization, workflow},
}

@MISC{schopf:2004,
  author = {Jennifer M Schopf and Steven J Newhouse},
  title = {State of {G}rid Users: 25 Conversations with {UK} e{S}cience Groups},
  howpublished = {UK e-Science Technical Report UKeS-2004-08, http://www.nesc.ac.uk/technical\_papers/UKeS-2004-08.pdf},
  month = {October},
  year = {2004},
  owner = {jdb},
  timestamp = {2005.12.15},
}

@ARTICLE{Woolf:2003,
  author = {Woolf, Andrew and Haines, Keith and Liu, Chunlei},
  title = {A {W}eb {S}ervice model for climate data access on the {G}rid},
  journal = {International Journal of High Performance Computing Applications},
  year = {2003},
  volume = {17},
  pages = {281-295},
  number = {3},
  key = {Web Service, Grid, Climate Data, Oceanography, Meteorology, DODS,
	OPeNDAP},
}

@MISC{WSRF,
  author = {{T}he {G}lobus {A}lliance},
  title = {{T}he {WS}-{R}esource {F}ramework},
  howpublished = {Online, http://www.globus.org/wsrf/},
  year = {2005},
  owner = {Jon},
}

@MISC{MERSEA,
  author = {{E}nvironmental, {N}ansen and {C}enter, {R}emote {S}ensing},
  title = {{M}arine {E}nvironment and {S}ecurity for the {E}uropean {A}rea ({MERSEA})},
  howpublished = {Online, http://www.nersc.no/\~{}mersea/},
  month = {August},
  year = {2003},
  key = {intercomparison},
}

@MISC{BPEL,
  author = {{IBM}},
  title = {{B}usiness {P}rocess {E}xecution {L}anguage for {W}eb {S}ervices
	{V}ersion 1.1 {S}pecification},
  howpublished = {Online, http://www-106.ibm.com/developerworks/library/ws-bpel/},
  month = {May},
  year = {2003},
  day = {5},
  key = {workflow, BPEL4WS, orchestration, choreography, Web Services},
}

@MISC{LAS,
  author = {{L}aboratory, {P}acific {M}arine {E}nvironmental},
  title = {{L}ive {A}ccess {S}erver},
  howpublished = {Online, http://ferret.pmel.noaa.gov/Ferret/LAS/ferret\_LAS.html},
  month = {June},
  year = {2003},
  day = {11},
  key = {Live Access Server, Ferret},
}

@MISC{wsrf-lifetime,
  author = {{OASIS}},
  title = {{W}eb {S}ervices {R}esource {L}ifetime 1.2 ({WS}-{R}esource{L}ifetime)},
  howpublished = {Online, http://docs.oasis-open.org/wsrf/wsrf-ws\_resource\_lifetime-1.2-spec-pr-02.pdf},
  month = {October},
  year = {2005},
  note = {Public Draft 02},
  owner = {jdb},
}

@MISC{wsrf-notification,
  author = {{OASIS}},
  title = {{W}eb {S}ervices {B}ase {N}otification 1.2 ({WS}-{B}ase{N}otification)},
  howpublished = {Online, http://docs.oasis-open.org/wsn/2004/06/wsn-WS-BaseNotification-1.2-draft-03.pdf},
  month = {June},
  year = {2004},
  note = {Draft 03},
  owner = {jdb},
}

@MISC{OGSA,
  author = {{P}roject, {T}he {G}lobus},
  title = {{O}pen {G}rid {S}ervices {A}rchitecture},
  howpublished = {Online, http://www.globus.org/OGSA},
  month = {August},
  year = {2003},
  key = {Grid Services, Globus, GT3},
}

@MISC{Taverna,
  author = {{T}he {T}averna {P}roject},
  title = {{T}he {T}averna {W}orkbench 1.2},
  howpublished = {Online, http://taverna.sf.net/},
  year = {2005},
  owner = {Jon},
}

@MISC{SCUFL,
  author = {{P}roject, {T}he {T}averna},
  title = {{S}imple {C}onceptual {U}nified {F}low {L}anguage ({SCUFL}) {V}ersion
	0.1.beta4},
  howpublished = {Online, http://taverna.sourceforge.net/scuflfeatures.html},
  month = {June},
  year = {2003},
  day = {12},
  key = {myGrid, Workflow, SCUFL, orchestration, choreography, Web Services},
}

@MISC{Triana,
  author = {{T}he {T}riana {P}roject},
  title = {{T}riana 3.1.1},
  howpublished = {Online, http://www.trianacode.org},
  year = {2005},
  owner = {Jon},
}

@MISC{DODS,
  author = {{R}esearch, {U}niversity {C}orporation for {A}tmospheric},
  title = {{D}istributed {O}ceanographic {D}ata {S}ystem},
  howpublished = {Online, http://www.unidata.ucar.edu/packages/dods},
  month = {August},
  year = {2003},
  key = {DODS, OPeNDAP},
}

@MISC{UDDI,
  author = {{UDDI}.org},
  title = {{U}niversal {D}escription, {D}iscovery and {I}ntegration of {W}eb
	{S}ervices},
  howpublished = {Online, http://www.uddi.org/},
  month = {August},
  year = {2003},
  key = {Web Services, Description, Discovery, Integration},
}

@MISC{WSDL,
  author = {{World Wide Web Consortium}},
  title = {{W}eb {S}ervices {D}escription {L}anguage ({WSDL}) 1.1},
  howpublished = {Online, http://www.w3.org/TR/wsdl},
  month = {March},
  year = {2001},
  day = {15},
  key = {Web Services, Description, Language, XML},
}

@comment{jabref-meta: selector_publisher:Cambridge University Press;Kl
uwer Academic Publishers;}

