This file was created with JabRef 2.1.
Encoding: Cp1252

@ARTICLE{allen:2001,
  author = {Gabrielle Allen and Werner Benger and Thomas Dramlitsch and Tom Goodale
	and Hans-Christian Hege and Gerd Lanfermann and Andre Merzky and
	Thomas Radke and Edward Seidel and John Shalf},
  title = {Cactus Tools for Grid Applications},
  journal = {International Journal of Cluster Computing},
  year = {2001},
  volume = {4},
  pages = {179-188},
  citeseerurl = {http://citeseer.ist.psu.edu/article/allen01cactus.html},
  owner = {Jon},
  timestamp = {2006.09.24}
}

@MISC{jsdl,
  author = {Ali Anjomshoaa and Fred Brisard and Michel Drescher and Donal Fellows
	and An Ly and Stephen McGough and Darren Pulsipher and Andreas Savva},
  title = {Job {S}ubmission {D}escription {L}anguage ({JSDL}) Specification,
	Version 1.0},
  howpublished = {Online, http://forge.gridforum.org/projects/jsdl-wg},
  month = {November},
  year = {2005},
  owner = {jdb}
}

@MISC{gsi,
  author = {{T}he {G}lobus {A}lliance},
  title = {Overview of the {G}rid {S}ecurity {I}nfrastructure},
  howpublished = {Online, http://www.globus.org/security/overview.html},
  year = {2006},
  owner = {Jon},
  timestamp = {2006.05.08}
}

@MISC{WSRF,
  author = {{T}he {G}lobus {A}lliance},
  title = {{T}he {WS}-{R}esource {F}ramework},
  howpublished = {Online, http://www.globus.org/wsrf/},
  year = {2005},
  owner = {Jon}
}

@ARTICLE{beckles:2005,
  author = {Bruce Beckles and Von Welch and Jim Basney},
  title = {Mechanisms for increasing the usability of grid security},
  journal = {International Journal of Human-Computer Studies},
  year = {2005},
  volume = {63},
  pages = {74-101},
  owner = {Jon},
  timestamp = {2006.05.08}
}

@INPROCEEDINGS{benedyczak:2006,
  author = {Krzysztof Benedyczak and Aleksander Nowinski and Krzysztof S. Nowinski
	and Piotr Bala},
  title = {Uni{G}rids Streaming Framework. Enabling streaming for the new generation
	grid},
  booktitle = {PARA 06: State-of-the-Art in Scientific and Parallel Computing},
  year = {2006},
  owner = {Jon},
  timestamp = {2006.09.24}
}

@INPROCEEDINGS{bioernstad:2006,
  author = {Bi\"{o}rn Bi\"{o}rnstad and Cesare Pautasso and Gustavo Alonso},
  title = {How to Safely Compose Streaming Services into Business Processes},
  booktitle = {IEEE International Conference on Services Computing (SCC 2006)},
  year = {2006},
  owner = {Jon},
  timestamp = {2006.09.24}
}

@MISC{sgswebsite,
  author = {Jon Blower},
  title = {{S}tyx {G}rid {S}ervices},
  howpublished = {Online, http://www.resc.rdg.ac.uk/jstyx/sgs},
  year = {2006},
  owner = {Jon},
  timestamp = {2006.05.08}
}

@MISC{JStyx,
  author = {Jon Blower},
  title = {The {JS}tyx library},
  howpublished = {Online, http://jstyx.sf.net},
  year = {2005},
  owner = {Jon}
}

@INPROCEEDINGS{blower_ahm:2006,
  author = {Blower, J.D. and Haines, K.},
  title = {Building simple, easy-to-use {G}rids with {S}tyx {G}rid {S}ervices
	and {SSH}},
  booktitle = {Proceedings of the UK e-Science Meeting},
  year = {2006},
  owner = {jdb}
}

@INPROCEEDINGS{blower:2005,
  author = {J.D. Blower and K. Haines and E.W. Llewellin},
  title = {Data streaming, workflow and firewall-friendly {G}rid {S}ervices
	with {S}tyx},
  booktitle = {Proceedings of the UK e-Science Meeting},
  year = {2005},
  editor = {S.J. Cox and D.W. Walker},
  note = {ISBN 1-904425-53-4},
  owner = {jdb}
}

@INPROCEEDINGS{blower:2004,
  author = {J.D. Blower and K. Haines and A.D. Santokhee},
  title = {{C}omposing workflows in the environmental sciences using {I}nferno},
  booktitle = {Proceedings of the UK e-Science Meeting},
  year = {2004},
  editor = {S.J. Cox},
  note = {ISBN 1-904425-21-6},
  owner = {jdb}
}

@ARTICLE{blower_lncs:2006,
  author = {Jon Blower and Andrew Harrison and Keith Haines},
  title = {{S}tyx {G}rid {S}ervices: Lightweight, easy-to-use middleware for
	scientific workflows},
  journal = {Lecture Notes in Computer Science},
  year = {2006},
  volume = {3993},
  pages = {996-1003},
  owner = {Jon},
  timestamp = {2006.05.08}
}

@INPROCEEDINGS{brettlecker:2004,
  author = {Gert Brettlecker and Heiko Schuldt and Raimund Schatz},
  title = {Hyperdatabases for Peer-to-Peer Data Stream Processing},
  booktitle = {IEEE International Conference on Web Services},
  year = {2004},
  owner = {Jon},
  timestamp = {2006.09.24}
}

@INPROCEEDINGS{Brooke:2004,
  author = {J.M. Brooke and J.Marsh and S. Pettifer and L. Sastry},
  title = {The importance of locality in the visualization of large data sets},
  booktitle = {{UK} e{S}cience {A}ll {H}ands {M}eeting, {N}ottingham {U}niversity},
  year = {2004},
  owner = {jdb}
}

@INPROCEEDINGS{bustamente:2000,
  author = {Fabi\'{a}n Bustamante and Greg Eisenhauer and Karsten Schwan and
	Patrick Widener},
  title = {Efficient wire formats for high performance computing},
  booktitle = {Proceedings of the ACM/IEEE conference on Supercomputing},
  year = {2000},
  owner = {Jon},
  timestamp = {2006.09.24}
}

@MISC{chin:2004,
  author = {Jonathan Chin and Peter V. Coveney},
  title = {Towards tractable toolkits for the {G}rid: a plea for lightweight,
	usable middleware},
  howpublished = {UK e-Science Technical Report UKeS-2004-01, http://www.nesc.ac.uk/technical\_papers/UKeS-2004-01.pdf},
  month = {February},
  year = {2004},
  owner = {jdb},
  timestamp = {2005.12.15}
}

@INPROCEEDINGS{chiu:2002,
  author = {K. Chiu and M. Govindaraju and R. Bramley},
  title = {Investigating the Limits of {SOAP} Performance for Scientific Computing},
  booktitle = {Proceedings of 11th IEEE International Symposium on High Performance
	Distributed Computing},
  year = {2002},
  pages = {246-254},
  month = {July},
  owner = {Jon},
  timestamp = {2006.09.24}
}

@ARTICLE{weds,
  author = {Peter V. Coveney and Jamie Vicary and Jonathan Chin and Matt Harvey},
  title = {{WEDS}: a {W}eb services-based environment for distributed simulation},
  journal = {Phil. Trans. R. Soc. A},
  year = {2005},
  volume = {363},
  pages = {1807-1816},
  doi = {10.1098/rsta.2005.1608},
  owner = {Jon},
  timestamp = {2005.12.16}
}

@INPROCEEDINGS{davis:2002,
  author = {Dan Davis and Manish Parashar},
  title = {Latency Performance of {SOAP} Implementations},
  booktitle = {Proceedings of the 2nd IEEE/ACM International Symposium on Cluster
	Computing and the Grid (CCGrid2002)},
  year = {2002},
  pages = {407-412},
  month = {May},
  owner = {Jon},
  timestamp = {2006.09.24}
}

@MISC{Inferno,
  author = {Sean Dorward and Rob Pike and David Leo Presotto and Dennis M. Ritchie
	and Howard Trickey and Phil Winterbottom},
  title = {The {I}nferno {O}perating {S}ystem},
  howpublished = {Online: http://www.vitanuova.com/inferno/papers/bltj.html},
  year = {1997},
  owner = {jdb}
}

@MISC{MERSEA,
  author = {{E}nvironmental, {N}ansen and {C}enter, {R}emote {S}ensing},
  title = {{M}arine {E}nvironment and {S}ecurity for the {E}uropean {A}rea ({MERSEA})},
  howpublished = {Online, http://www.nersc.no/\~{}mersea/},
  month = {August},
  year = {2003},
  key = {intercomparison}
}

@INPROCEEDINGS{globustoolkit,
  author = {I. Foster},
  title = {Globus {T}oolkit Version 4: {S}oftware for Service-Oriented Systems},
  booktitle = {IFIP International Conference on Network and Parallel Computing},
  year = {2005},
  volume = {3779},
  series = {LNCS},
  pages = {2-13},
  publisher = {Springer-Verlag},
  doi = {10.1007/11577188_2},
  owner = {Jon},
  timestamp = {2005.12.16}
}

@INBOOK{fox:2006,
  chapter = {Real Time Streaming Data Grid Applications},
  pages = {253-267},
  title = {Distributed Cooperative Laboratories: Networking, Instrumentation
	and Measurements},
  publisher = {Springer, Norwell, MA},
  year = {2006},
  editor = {F. Davoli and S. Palazzo and S. Zappatore},
  author = {Geoffrey C. Fox and Mehmet S. Aktas and Galip Aydin and Hasan Bulut
	and Shrideep Pallickara and Marlon Pierce and Ahmet Sayar and Wenjun
	Wu and Gang Zhai},
  owner = {Jon},
  timestamp = {2006.09.24}
}

@ARTICLE{hadcm3,
  author = {Chris Gordon and Claire Cooper and Catherine A Senior and Helene
	Banks and Jonathan M Gregory and Timothy C Johns and John FB Mitchell
	and Richard A Wood},
  title = {The Simulation of {SST}, Sea Ice Extents and Ocean Heat Transports
	in a version of the {H}adley {C}entre Coupled Model without Flux
	Adjustments},
  journal = {Climate Dynamics},
  year = {2000},
  volume = {16},
  pages = {147-168},
  owner = {Jon},
  timestamp = {2006.05.08}
}

@INPROCEEDINGS{Haines:2003,
  author = {Keith Haines and John Brooke and Peter Challenor and Anthony Goddard
	and Peter Killworth and Lakshmi Sastry},
  title = {{G}rid for {O}cean {D}iagnostics, {I}nteractive {V}isualisation and
	{A}nalysis ({GODIVA})},
  booktitle = {{UK} e{S}cience {A}ll {H}ands {M}eeting, {N}ottingham {U}niversity},
  year = {2003}
}

@INPROCEEDINGS{wspeer,
  author = {Andrew Harrison and Ian Taylor},
  title = {{WSP}eer - {A}n Interface to {W}eb {S}ervice Hosting and Invocation},
  booktitle = {{HIPS}-{HPGC} {J}oint {W}orkshop on {H}igh-{P}erformance {G}rid {C}omputing
	and {H}igh-{L}evel {P}arallel {P}rogramming {M}odels},
  year = {2005},
  owner = {jdb}
}

@MISC{BPEL,
  author = {{IBM}},
  title = {{B}usiness {P}rocess {E}xecution {L}anguage for {W}eb {S}ervices
	{V}ersion 1.1 {S}pecification},
  howpublished = {Online, http://www-106.ibm.com/developerworks/library/ws-bpel/},
  month = {May},
  year = {2003},
  day = {5},
  key = {workflow, BPEL4WS, orchestration, choreography, Web Services}
}

@ARTICLE{gemlca,
  author = {P\'{e}ter Kacsuk and Tam\'{a}s Kiss and Ariel Goyeneche and Thierry
	Delaitre and Zolt\'{a}n Farkas and Tam\'{a}s Boczk\'{o}},
  title = {A High-Level Grid Application Environment to {G}rid-Enable Legacy
	Code},
  journal = {ERCIM News},
  year = {2004},
  volume = {59},
  owner = {Jon},
  timestamp = {2005.12.16}
}

@MISC{InfernoGrid,
  author = {Vita Nuova Holdings Ltd.},
  title = {{T}he {I}nferno {G}rid},
  howpublished = {Online, http://www.vitanuova.com/solutions/grid/index.html},
  owner = {Jon}
}

@MISC{LAS,
  author = {{L}aboratory, {P}acific {M}arine {E}nvironmental},
  title = {{L}ive {A}ccess {S}erver},
  howpublished = {Online, http://ferret.pmel.noaa.gov/Ferret/LAS/ferret\_LAS.html},
  month = {June},
  year = {2003},
  day = {11},
  key = {Live Access Server, Ferret}
}

@MISC{sungridengine,
  author = {{S}un {M}icrosystems},
  title = {{S}un {G}rid {E}ngine},
  howpublished = {Online, http://gridengine.sunsource.net/},
  year = {2006},
  owner = {Jon},
  timestamp = {2006.05.08}
}

@MISC{wsrf-lifetime,
  author = {{OASIS}},
  title = {{W}eb {S}ervices {R}esource {L}ifetime 1.2 ({WS}-{R}esource{L}ifetime)},
  howpublished = {Online, http://docs.oasis-open.org/wsrf/wsrf-ws\_resource\_lifetime-1.2-spec-pr-02.pdf},
  month = {October},
  year = {2005},
  note = {Public Draft 02},
  owner = {jdb}
}

@MISC{wsrf-notification,
  author = {{OASIS}},
  title = {{W}eb {S}ervices {B}ase {N}otification 1.2 ({WS}-{B}ase{N}otification)},
  howpublished = {Online, http://docs.oasis-open.org/wsn/2004/06/wsn-WS-BaseNotification-1.2-draft-03.pdf},
  month = {June},
  year = {2004},
  note = {Draft 03},
  owner = {jdb}
}

@PHDTHESIS{pautasso:2004,
  author = {Cesare Pautasso},
  title = {A Flexible System for Visual Service Composition},
  school = {Eidgen\"{o}ssische Technische Hochschule Z\"{u}rich},
  year = {2004},
  owner = {Jon},
  timestamp = {2006.09.24}
}

@MISC{Plan9,
  author = {Rob Pike and Dave Presotto and Sean Dorward and Bob Flandrena and
	Ken Thompson and Howard Trickey and Phil Winterbottom},
  title = {Plan 9 from {B}ell {L}abs},
  howpublished = {Online, http://www.cs.bell-labs.com/sys/doc/9.html},
  year = {1995},
  owner = {Jon}
}

@MISC{Pike:1999,
  author = {Rob Pike and Dennis M Ritchie},
  title = {The {S}tyx Architecture for Distributed Systems},
  howpublished = {Online, http://www.vitanuova.com/inferno/papers/styx.html},
  year = {1999},
  owner = {Jon}
}

@MISC{condor,
  author = {{T}he {C}ondor {P}roject},
  title = {Condor},
  howpublished = {Online, http://www.cs.wisc.edu/condor/},
  year = {2006},
  owner = {Jon},
  timestamp = {2006.05.08}
}

@MISC{OGSA,
  author = {{P}roject, {T}he {G}lobus},
  title = {{O}pen {G}rid {S}ervices {A}rchitecture},
  howpublished = {Online, http://www.globus.org/OGSA},
  month = {August},
  year = {2003},
  key = {Grid Services, Globus, GT3}
}

@MISC{Taverna,
  author = {{T}he {T}averna {P}roject},
  title = {{T}he {T}averna {W}orkbench 1.2},
  howpublished = {Online, http://taverna.sf.net/},
  year = {2005},
  owner = {Jon}
}

@MISC{Triana,
  author = {{T}he {T}riana {P}roject},
  title = {{T}riana 3.1.1},
  howpublished = {Online, http://www.trianacode.org},
  year = {2005},
  owner = {Jon}
}

@MISC{SCUFL,
  author = {{P}roject, {T}he {T}averna},
  title = {{S}imple {C}onceptual {U}nified {F}low {L}anguage ({SCUFL}) {V}ersion
	0.1.beta4},
  howpublished = {Online, http://taverna.sourceforge.net/scuflfeatures.html},
  month = {June},
  year = {2003},
  day = {12},
  key = {myGrid, Workflow, SCUFL, orchestration, choreography, Web Services}
}

@ARTICLE{rosmanith:2004,
  author = {Rosmanith, Herbert and Kranzm\"{u}ller, Dieter},
  title = {glogin - {A} Multifunctional, Interactive Tunnel into the {G}rid},
  journal = {Fifth IEEE/ACM International Workshop on Grid Computing (GRID'04)},
  year = {2004},
  pages = {266-272},
  doi = {http://doi.ieeecomputersociety.org/10.1109/GRID.2004.33},
  owner = {jdb}
}

@MISC{DODS,
  author = {{R}esearch, {U}niversity {C}orporation for {A}tmospheric},
  title = {{D}istributed {O}ceanographic {D}ata {S}ystem},
  howpublished = {Online, http://www.unidata.ucar.edu/packages/dods},
  month = {August},
  year = {2003},
  key = {DODS, OPeNDAP}
}

@INPROCEEDINGS{Sastry:2003,
  author = {Sastry, Lakshmi and Craig, Martin},
  title = {Scalable application visualisation services toolkit for problem solving
	environments},
  booktitle = {{UK} e{S}cience {A}ll {H}ands {M}eeting, {N}ottingham {U}niversity},
  year = {2003},
  key = {GADS, visualization, workflow}
}

@MISC{schopf:2004,
  author = {Jennifer M Schopf and Steven J Newhouse},
  title = {State of {G}rid Users: 25 Conversations with {UK} e{S}cience Groups},
  howpublished = {UK e-Science Technical Report UKeS-2004-08, http://www.nesc.ac.uk/technical\_papers/UKeS-2004-08.pdf},
  month = {October},
  year = {2004},
  owner = {jdb},
  timestamp = {2005.12.15}
}

@INPROCEEDINGS{schuler:2003,
  author = {Christoph  Schuler and Roger Weber and Heiko Schuldt and Hans-J.
	Schek},
  title = {Peer-to-{P}eer Process Execution with {OSIRIS}},
  booktitle = {First International Conference on Service-Oriented Computing (ICSOC)},
  year = {2003},
  pages = {483-498},
  owner = {Jon},
  timestamp = {2006.09.24}
}

@INPROCEEDINGS{soaplab,
  author = {Martin Senger and Peter Rice and Tom Oinn},
  title = {Soaplab - a unified {S}esame door to analysis tools},
  booktitle = {Proceedings of the UK e-Science Meeting},
  year = {2003},
  editor = {S.J. Cox},
  note = {ISBN 1-904425-11-9},
  owner = {jdb}
}

@MISC{sshfs,
  author = {Miklos Szeredi},
  title = {{SSH} Filesystem},
  howpublished = {Online, http://fuse.sourceforge.net/sshfs.html},
  year = {2006},
  owner = {Jon},
  timestamp = {2006.05.08}
}

@TECHREPORT{ogsi,
  author = {Tuecke, S. and others},
  title = {{Open Grid Service Infrastructure (OGSI) Version 1.0}},
  institution = {{Global Grid Forum}},
  year = {2003},
  number = {GFD-R-P.15},
  date-added = {2005-09-30 14:32:16 +0100},
  date-modified = {2005-09-30 14:36:10 +0100}
}

@MISC{UDDI,
  author = {{UDDI}.org},
  title = {{U}niversal {D}escription, {D}iscovery and {I}ntegration of {W}eb
	{S}ervices},
  howpublished = {Online, http://www.uddi.org/},
  month = {August},
  year = {2003},
  key = {Web Services, Description, Discovery, Integration}
}

@INPROCEEDINGS{wallom:2006,
  author = {Wallom, David C.H. and Trefethen, Anne E.},
  title = {Ox{G}rid, a campus grid for the {U}niversity of {O}xford},
  booktitle = {Proceedings of the UK e-Science Meeting},
  year = {2006},
  editor = {S.J. Cox},
  note = {{ISBN} 0-9553988-0-0},
  owner = {jdb}
}

@ARTICLE{Woolf:2003,
  author = {Woolf, Andrew and Haines, Keith and Liu, Chunlei},
  title = {A {W}eb {S}ervice model for climate data access on the {G}rid},
  journal = {International Journal of High Performance Computing Applications},
  year = {2003},
  volume = {17},
  pages = {281-295},
  number = {3},
  key = {Web Service, Grid, Climate Data, Oceanography, Meteorology, DODS,
	OPeNDAP}
}

@MISC{WSDL,
  author = {{World Wide Web Consortium}},
  title = {{W}eb {S}ervices {D}escription {L}anguage ({WSDL}) 1.1},
  howpublished = {Online, http://www.w3.org/TR/wsdl},
  month = {March},
  year = {2001},
  day = {15},
  key = {Web Services, Description, Language, XML}
}

@MISC{globusalliance,
  title = {The {G}lobus {A}lliance},
  howpublished = {Online, http://www.globus.org},
  key = {Globus Alliance},
  keywords = {globus}
}

@MISC{ndg,
  title = {{T}he {NERC} {D}ata {G}rid},
  howpublished = {online, http://ndg.nerc.ac.uk},
  owner = {Jon},
  timestamp = {2006.07.10}
}

@MISC{astrogrid-d,
  title = {The {A}stro{G}rid-{D} project},
  howpublished = {Online, http://www.gac-grid.de/},
  year = {2006},
  owner = {Jon},
  timestamp = {2006.09.24}
}

@MISC{gridsam,
  title = {Grid{SAM} - {G}rid Job Submission and Monitoring {W}eb {S}ervice},
  howpublished = {Online, http://gridsam.sf.net},
  year = {2006},
  owner = {jdb}
}

@MISC{naradabrokering,
  title = {The {N}arada{B}rokering project},
  howpublished = {Online, http://www.naradabrokering.org/},
  year = {2006},
  owner = {Jon},
  timestamp = {2006.09.24}
}

@comment{jabref-meta: selector_journal:}

@comment{jabref-meta: selector_keywords:}

@comment{jabref-meta: selector_publisher:Cambridge University Press;Kl
 uwer Academic Publishers;}

